@misc{git_logo,
	title = {Git logo},
	author = {Jason Long},
	note = {\url{https://creativecommons.org/licenses/by/3.0/}}
}

@misc{subversion,
	title = {Subversion logo},
	author = {Tyrus Christiana}
}

@misc{mercurial,
	title = {Mercurial logo},
	author = {Cali Mastny}
}

@misc{mercurial,
	title = {Mercurial logo},
	author = {Cali Mastny}
}

@misc{sponge,
	title = {Mocking {S}pongebob meme},
	note = {\url{https://imgflip.com/memegenerator}}
}

@misc{commit-and-tree,
	title = {Commit tree},
	note = {\url{https://git-scm.com/book/en/v2/images/commit-and-tree.png}}
}

@misc{commit-and-parents,
	title = {Multiple commits},
	note = {\url{https://git-scm.com/book/en/v2/images/commits-and-parents.png}}
}

@misc{dragonballz,
	title = {Dragon Ball Z Fusion}
	note = {\url{http://images6.fanpop.com/image/photos/33300000/Goten-Trunks-Fusion-dragon-ball-all-fusion-33379377-855-482.png}}
}

@misc{liquidslam,
	title = {Every 90's Commercial Ever}
	author = {RocketJump}
	note = {\url{https://www.youtube.com/watch?v=W7Hoz2ZHYZM}}
}
